
@book{Wooldridge2009,
  author    = {Michael Wooldridge},
  title     = {An Introduction to {MultiAgent} Systems},
  edition   = {2},
  year      = {2009},
  publisher = {John Wiley \& Sons},
  address   = {Chichester, UK},
  isbn      = {978-0-470-51946-2}
}

@book{LeitaoKarnouskos2016,
  editor    = {Paulo Leit{\~a}o and Stamatis Karnouskos},
  title     = {Industrial Agents: Emerging Applications of Software Agents in Industry},
  year      = {2016},
  publisher = {Morgan Kaufmann},
  address   = {Amsterdam, Netherlands},
  isbn      = {978-0-12-800341-1},
  doi       = {10.1016/C2014-0-00810-6}
}

@book{Bratman1987,
  author    = {Michael E. Bratman},
  title     = {Intention, Plans, and Practical Reason},
  year      = {1987},
  publisher = {Harvard University Press},
  address   = {Cambridge, MA, USA},
  isbn      = {978-0674458186}
}